@book{turing, place={Cambridge}, title={Turings imitation game: conversations with the unknown}, publisher={Cambridge Univeristy Press}, author={Warwick, Kevin and Shah, Huma}, year={2016}}




@book{goldberg_2017, place={Place of publication not identified}, title={Neural network methods in natural language processing}, publisher={Morgan \& Claypool publishers}, author={Goldberg, Yoav}, year={2017}}



@book{wordnet, place={Cambridge, MA}, title={WordNet: an electronic lexical database}, publisher={MIT Press}, author={Fellbaum, Christine}, year={1998}}

@book{turing_1950, place={Oxford}, title={Computing machinery and intelligence}, publisher={Blackwell for the Mind Association}, author={Turing, A. M.}, year={1950}}


@book{Mahmood2013LiteratureSO,	title={Literature Survey on Topic Modeling},	author={A. S. M. Ashique Mahmood},	year={2013}}


@article{Blei_LDA,
	author = {Blei, David M. and Ng, Andrew Y. and Jordan, Michael I.},title = {Latent Dirichlet Allocation}, journal = {J. Mach. Learn. Res.},issue_date = {3/1/2003},	volume = {3},year = {2003},	issn = {1532-4435},pages = {993--1022},numpages = {30},
	publisher = {JMLR.org}
} 


@inproceedings{Blei_HTM,
	author = {Blei, David M. and Jordan, Michael I. and Griffiths, Thomas L. and Tenenbaum, Joshua B.},
	title = {Hierarchical Topic Models and the Nested Chinese Restaurant Process},
	booktitle = {Proceedings of the 16th International Conference on Neural Information Processing Systems},
	series = {NIPS'03},
	year = {2003},
	location = {Whistler, British Columbia, Canada},
	pages = {17--24},
	numpages = {8},
	publisher = {MIT Press},address = {Cambridge, MA, USA}
} 


@inproceedings{Blei_DTM,
	author = {Blei, David M. and Lafferty, John D.},
	title = {Dynamic Topic Models},
	booktitle = {Proceedings of the 23rd International Conference on Machine Learning},
	series = {ICML '06},
	year = {2006},
	isbn = {1-59593-383-2},
	location = {Pittsburgh, Pennsylvania, USA},
	pages = {113--120},
	numpages = {8},
	publisher = {ACM},
	address = {New York, NY, USA},
} 


@inproceedings{Blei_CTM,
	author = {Blei, David M. and Lafferty, John D.},
	title = {Correlated Topic Models},
	booktitle = {Proceedings of the 18th International Conference on Neural Information Processing Systems},
	series = {NIPS'05},
	year = {2005},
	location = {Vancouver, British Columbia, Canada},
	pages = {147--154},
	numpages = {8},
	publisher = {MIT Press},
	address = {Cambridge, MA, USA},
} 


@inproceedings{Rosen-Zvi_AMA_2010,
	author = {Rosen-Zvi, Michal and Griffiths, Thomas and Steyvers, Mark and Smyth, Padhraic},
	title = {The Author-topic Model for Authors and Documents},
	booktitle = {Proceedings of the 20th Conference on Uncertainty in Artificial Intelligence},
	series = {UAI '04},
	year = {2004},
	isbn = {0-9749039-0-6},
	location = {Banff, Canada},
	pages = {487--494},
	numpages = {8},
	publisher = {AUAI Press},
	address = {Arlington, Virginia, United States},
} 


@inproceedings{Cox_1997,
	author = {Cox, Michael and Ellsworth, David},
	title = {Application-controlled Demand Paging for Out-of-core Visualization},
	booktitle = {Proceedings of the 8th Conference on Visualization '97},
	series = {VIS '97},
	year = {1997},
	isbn = {1-58113-011-2},
	location = {Phoenix, Arizona, USA},
	pages = {235--ff.},
	publisher = {IEEE Computer Society Press},
	address = {Los Alamitos, CA, USA},
	keywords = {computational fluid dynamics, out-of-core visualization, visualization},
} 



@techreport{laneay_2013,
	author = {Laney, Douglas},
	institution = {META Group},
	keywords = {3v analyst-report bigdata},
	month = {February},
	title = {{3D} Data Management: Controlling Data Volume, Velocity, and Variety},
	year = 2001
}


@article{GFS,
	author = {Ghemawat, Sanjay and Gobioff, Howard and Leung, Shun-Tak},
	title = {The Google File System},
	journal = {SIGOPS Oper. Syst. Rev.},
	issue_date = {December 2003},
	volume = {37},
	number = {5},
	month = oct,
	year = {2003},
	issn = {0163-5980},
	pages = {29--43},
	numpages = {15},
	acmid = {945450},
	publisher = {ACM},
	address = {New York, NY, USA},
	keywords = {clustered storage, data storage, fault tolerance, scalability},
} 



@inproceedings{MapReduce,
	author = {Dean, Jeffrey and Ghemawat, Sanjay},
	title = {MapReduce: Simplified Data Processing on Large Clusters},
	booktitle = {Proceedings of the 6th Conference on Symposium on Operating Systems Design \& Implementation - Volume 6},
	series = {OSDI'04},
	year = {2004},
	location = {San Francisco, CA},
	pages = {10--10},
	numpages = {1},
	publisher = {USENIX Association},
	address = {Berkeley, CA, USA},
} 


@techreport{crispdm,
	author = {Chapman, Pete and Clinton, Julian and Kerber, Randy and Khabaza, Thomas and Reinartz, Thomas and Shearer, Colin and Wirth, Rudiger},
	description = {CRISP DM reference},
	institution = {The CRISP-DM consortium},
	keywords = {crisp data dm from:nosebrain guide lecture:2015 lecture:data-mining lecture:essential mining step},
	month = {Agosto},
	posted-at = {2007-01-04 16:36:46},
	priority = {2},
	timestamp = {2015-02-25T23:33:20.000+0100},
	title = {CRISP-DM 1.0 Step-by-step data mining guide},
	year = 2000
}


@incollection{word2vec2,
	title = {Distributed Representations of Words and Phrases and their Compositionality},
	author = {Mikolov, Tomas and Sutskever, Ilya and Chen, Kai and Corrado, Greg S and Dean, Jeff},
	booktitle = {Advances in Neural Information Processing Systems 26},
	editor = {C. J. C. Burges and L. Bottou and M. Welling and Z. Ghahramani and K. Q. Weinberger},
	pages = {3111--3119},
	year = {2013},
	publisher = {Curran Associates, Inc.}
}


@misc{word2vec,
	title	= {Efficient Estimation of Word Representations in Vector Space},
	author	= {Tomas Mikolov and Kai Chen and Greg S. Corrado and Jeffrey Dean},
	year	= {2013},
	URL	= {http://arxiv.org/abs/1301.3781}
}



@book{temariodeeplearning,	title={Deep Learning
Principios y Fundamentos},	author={Anna Bosch Rué, Jordi Casas Roma, Toni Lozano Bagén},	year={2018}}



@book{hope_lieder_resheff_2017, place={Sebastopol}, title={Learning TensorFlow: a guide to building deep learning systems}, publisher={OReilly Media}, author={Hope, Tom and Lieder, Itay and Resheff, Yehezkel S.}, year={2017}}




@online{colahblog,
	author = {Christopher Olah},
	title = {Understanding LSTM Networks -- colah's blog},
	month = {Agosto},
	howpublished = "\url{https://colah.github.io/posts/2015-08-Understanding-LSTMs/}",
	year = 2015,
	note = {Último acceso 2019-10-13}
}



@online{lstmgru,
	author = {Michael Nguyen},
	title = {Illustrated Guide to LSTM's and GRU's: A step by step explanation},
	month = {Septiembre},
	howpublished = "\url{https://towardsdatascience.com/illustrated-guide-to-lstms-and-gru-s-a-step-by-step-explanation-44e9eb85bf21}",
	year = 2018,
	note = {Último acceso 2019-10-13}
}


@online{mlp,
	author = {Stacey Ronaghan},
	title = {Deep Learning: Common Architectures},
	month = {Agosto},
	howpublished = "\url{https://medium.com/@srnghn/deep-learning-common-architectures-6071d47cb383}",
	year = 2018,
	note = {Último acceso 2019-10-13}
}


@online{lambdakappa,
	author = {Jesús Domínguez},
	title = {De Lambda a Kappa: evolución de las arquitecturas Big Data},
	month = {Abril},
	howpublished = "\url{https://www.paradigmadigital.com/techbiz/de-lambda-a-kappa-evolucion-de-las-arquitecturas-big-data/}",
	year = 2018,
	note = {Último acceso 2019-10-13}
}


@online{lambda,
	author = {Nathan Marz},
	title = {How to beat the CAP theorem},
	month = {Octubre},
	howpublished = "\url{http://nathanmarz.com/blog/how-to-beat-the-cap-theorem.html}",
	year = 2011,
	note = {Último acceso 2019-10-14}
}


@online{cap,
	author = {Syed Sadat Nazrul},
	title = {CAP Theorem and Distributed Database Management Systems},
	month = {Abril},
	howpublished = "\url{https://towardsdatascience.com/cap-theorem-and-distributed-database-management-systems-5c2be977950e}",
	year = 2018,
	note = {Último acceso 2019-10-14}
}

@online{kappa,
	author = {Jay Kreps},
	title = {Questioning the Lambda Architecture},
	month = {Julio},
	howpublished = "\url{https://towardsdatascience.com/cap-theorem-and-distributed-database-management-systems-5c2be977950e}",
	year = 2014,
	note = {Último acceso 2019-10-14}
}


@phdthesis{call1,
	author = {Jullian Sepúlveda},
	school = {Universidad de Chile},
	title = {Metodolgía para estimar el impacto que generan las llamadas realizadas en un call center en la fuga de los clientes utilizando técnicas de text mining},
	year = 2015
}


@INPROCEEDINGS{call2,
	author={P. {Li} and Y. {Yan} and {Chaomin Wang} and {Zhijie Ren} and {Pengyu Cong} and {Huixin Wang} and {Junlan Feng}},
	booktitle={2016 IEEE International Conference on Cloud Computing and Big Data Analysis (ICCCBDA)},
	title={Customer voice sensor: A comprehensive opinion mining system for call center conversation},
	year={2016},
	volume={},
	number={},
	pages={324-329},
	keywords={call centres;consumer behaviour;customer satisfaction;data analysis;information retrieval;sentiment analysis;customer voice sensor;call center conversation;market positioning;customer satisfaction;data understanding;data analysis;comprehensive opinion mining system;CVS;sentiment classification;information extraction;domain knowledge base technique;customer sentiments;China Mobile Communication Corporation;Chaos;Global Positioning System;Customer services;Europe;call center conversation;customer satisfaction;sentiment classification;opinion mining},
	doi={10.1109/ICCCBDA.2016.7529578},
	ISSN={},
	month={Julio},}


@article{call3,
	author = {Guo, Wenming and Liang, Lihong and Deng, Tianlang},
	title = {Topic mining for call centers based on A-LDA and distributed computing},
	journal = {Concurrency and Computation: Practice and Experience},
	volume = {29},
	number = {3},
	pages = {e3776},
	keywords = {LDA, correlation properties, topic mining, call center, distributing computing},
	doi = {10.1002/cpe.3776},
	url = {https://onlinelibrary.wiley.com/doi/abs/10.1002/cpe.3776},
	eprint = {https://onlinelibrary.wiley.com/doi/pdf/10.1002/cpe.3776},
	note = {e3776 CPE-15-0479.R1},
	year = {2017}
}


@INPROCEEDINGS{call4,
	author={M. Morchid and R. Dufour and M. Bouallegue and G. Linarès},
	booktitle={2014 IEEE Spoken Language Technology Workshop (SLT)},
	title={Author-topic based representation of call-center conversations},
	year={2014},
	volume={},
	number={},
	pages={218-223},
	doi={10.1109/SLT.2014.7078577},
	ISSN={},
	month={Diciembre}}



@ARTICLE{rnnej1,
	author={F. Long and K. Zhou and W. Ou},
	journal={IEEE Access},
	title={Sentiment Analysis of Text Based on Bidirectional LSTM With Multi-Head Attention},
	year={2019},
	volume={7},
	number={},
	pages={141960-141969},
	keywords={Sentiment analysis;Training;Encoding;Task analysis;Dictionaries;Semantics;Social networking (online);Chinese product reviews text;bidirectional LSTM;multi-head attention mechanism},
	doi={10.1109/ACCESS.2019.2942614},
	ISSN={},
	month={},}



@INPROCEEDINGS{rnnej2,
	author={O. Abdelwahab and A. Elmaghraby},
	booktitle={2018 IEEE International Conference on Information Reuse and Integration (IRI)},
	title={Deep Learning Based vs. Markov Chain Based Text Generation for Cross Domain Adaptation for Sentiment Classification},
	year={2018},
	volume={},
	number={},
	pages={252-255},
	ISSN={},
	month={Julio},}


@article{rnnej3,
	author    = {Yonghui Wu and
	Mike Schuster and
	Zhifeng Chen and
	Quoc V. Le and
	Mohammad Norouzi and
	Wolfgang Macherey and
	Maxim Krikun and
	Yuan Cao and
	Qin Gao and
	Klaus Macherey and
	Jeff Klingner and
	Apurva Shah and
	Melvin Johnson and
	Xiaobing Liu and
	Lukasz Kaiser and
	Stephan Gouws and
	Yoshikiyo Kato and
	Taku Kudo and
	Hideto Kazawa and
	Keith Stevens and
	George Kurian and
	Nishant Patil and
	Wei Wang and
	Cliff Young and
	Jason Smith and
	Jason Riesa and
	Alex Rudnick and
	Oriol Vinyals and
	Greg Corrado and
	Macduff Hughes and
	Jeffrey Dean},
	title     = {Google's Neural Machine Translation System: Bridging the Gap between
	Human and Machine Translation},
	journal   = {CoRR},
	volume    = {abs/1609.08144},
	year      = {2016},
	url       = {http://arxiv.org/abs/1609.08144},
	eprint    = {1609.08144},
	timestamp = {Thu, 14 Mar 2019 09:34:18 +0100},
	biburl    = {https://dblp.org/rec/bib/journals/corr/WuSCLNMKCGMKSJL16}
}
@book{kafka, , title={Designing Event-Driven Systems}, publisher={O'Reilly}, author={Ben Stopford}, year={2018}}



@online{monitoringstreams,
	author = {Confluent. Streams Monitoring},
	howpublished = "\url{https://docs.confluent.io/current/streams/monitoring.html}",
	note = {Último acceso 2019-12-09}
}


@online{kstreams,
	author = {Apache Kafka. Kafka Streams},
	howpublished = "\url{https://kafka.apache.org/documentation/streams/}",
	note = {Último acceso 2019-12-10}
}
@online{tfserving,
	author = {Tensorflow Serving},
	howpublished = "\url{https://www.tensorflow.org/tfx/guide/serving}",
	note = {Último acceso 2019-12-10}
}



@inproceedings{doc2vec,
 author = {Le, Quoc and Mikolov, Tomas},
 title = {Distributed Representations of Sentences and Documents},
 booktitle = {Proceedings of the 31st International Conference on International Conference on Machine Learning - Volume 32},
 year = {2014},
 location = {Beijing, China},
 pages = {II-1188--II-1196},
 publisher = {JMLR.org},
} 



@online{devops,
	title = {¿Qué es DevOps y que debes saber para convertirte en ello?},
	author = {RRHH Digital},
	howpublished = "\url{http://www.rrhhdigital.com/secciones/tecnologia-e-innovacion/136859/Que-es-DevOps-y-que-debes-saber-para-convertirte-en-ello}",
	note = {Último acceso 2019-12-13}
}


@online{ldafig,
	title = {Reactive LDAP Library},
	author = {Yingjie Miao},
	howpublished = "\url{https://medium.com/kifi-engineering/reactive-lda-library-d495ed2a6342}",
	note = {Último acceso 2019-12-18}
}

@online{birch,
	title = {BIRCH Clustering Algorithm Example In Python},
	author = {Cory Maklin},
	howpublished = "\url{https://towardsdatascience.com/machine-learning-birch-clustering-algorithm-clearly-explained-fb9838cbeed9}",
	note = {Último acceso 2019-12-18}
}


